@book{internals_pt1,
	author		= {Mark Russinovich and  David Solomon and Alex Ionescu},
	title 		= {Windows Internals Part 1},
	publisher 	= {Microsoft Press},
	year 		= {2012},
	edition		= 6
}

@misc{w10_memory,
	title = {Physical and Virtual Memory in Windows 10},
	author={Sushovon Sinha},
	howpublished = {\url{http://answers.microsoft.com/en-us/windows/forum/windows_10-performance/physical-and-virtual-memory-in-windows-10/e36fb5bc-9ac8-49af-951c-e7d39b979938}},
	note = {Acessado em 22 de novembro de 2016},
	annote = {}
}